2724 4610
280 259 330 336 38
620 260 659 332 C.
679 257 764 330 Vll
786 269 815 343 s.
842 259 896 332 Il.

329 378 366 450 5.
395 375 453 450 De
484 376 609 450 eodem
639 375 858 450 manifestius
893 391 931 450 et
961 378 1101 478 plenius
1133 407 1241 484 quam

279 499 502 592 Priscianus,
520 501 636 572 Julius
652 499 792 572 Solinus
808 502 853 574 de
870 502 1053 576 Britannia
1068 504 1242 605 loquens,

279 623 319 696 in
334 623 560 696 collectaneis
576 622 627 692 ita
650 621 808 721 scripsits

329 747 448 820 Thule
467 749 520 841 (1)
541 743 666 816 ultima
688 745 727 814 in
750 772 847 845 qua,
873 747 993 819 aestivo
1023 750 1079 845 (2)
1099 747 1246 820 solstitio

281 869 353 941 sole
379 869 424 940 de
452 865 578 936 Cancri
601 863 715 936 sidere
747 861 899 940 faciente
930 868 1151 960 transitum,
1172 895 1246 940 nox

281 990 403 1061 nullas
422 985 575 1058 brumali
596 986 766 1078 solstitio,
791 988 939 1087 perinde
954 990 1073 1062 nullus
1099 990 1187 1062 dies.

328 1111 364 1182 6.
389 1107 607 1207 Trigesimus
617 1137 712 1180 nunc
722 1136 834 1181 annus
854 1127 907 1182 est
922 1137 943 1182 a
959 1139 1029 1212 quo
1046 1115 1239 1184 nuntiave-

282 1246 369 1306 runt
379 1227 469 1301 mihi
485 1228 601 1302 clerici
618 1229 685 1320 (3),
699 1230 783 1330 qui,
798 1257 819 1302 a
835 1229 996 1304 kalendis
1006 1229 1178 1304 februarii
1190 1235 1246 1330 (4)

279 1379 393 1453 usque
418 1350 590 1424 kalendas
614 1351 777 1452 augusti,
805 1353 844 1422 in
878 1353 940 1424 illa
963 1353 1079 1424 insula
1101 1381 1245 1428 manse·

280 1492 394 1566 runt,
414 1474 532 1576 quod,
549 1499 620 1544 non
648 1472 761 1544 solum
786 1474 825 1544 in
848 1473 969 1547 aestivo
986 1473 1157 1566 solstitio,
1183 1476 1247 1548 sed

279 1597 319 1670 in
341 1595 466 1667 diebus
482 1592 574 1665 circa
595 1592 712 1684 illud,
738 1592 777 1666 in
794 1594 997 1692 vespertina
1020 1594 1109 1666 hora
1120 1645 1133 1686 ,
1153 1597 1246 1666 occi-

280 1720 368 1792 dens
383 1715 433 1789 sol
446 1715 629 1788 abscondit
645 1743 682 1788 se
696 1701 797 1815 quasi
813 1731 910 1787 trans
921 1715 1111 1815 parvulum
1126 1732 1248 1790 tumu-

278 1837 356 1910 lum
373 1867 383 1909 z
402 1837 453 1908 ita
470 1852 537 1928 ut,
557 1836 649 1908 nibil
668 1836 899 1908 tenebrarum
914 1837 953 1906 in
971 1835 1116 1908 minimo
1133 1838 1247 1935 spatio

277 1945 353 2056 ipso
376 1955 467 2047 fiat3
497 1957 559 2028 sed
584 1957 755 2056 quicquid
781 1959 887 2030 homo
904 1958 1045 2058 operari
1070 1958 1246 2050 voluerit,

278 2077 336 2152 vel
354 2074 534 2175 pediculos
547 2074 599 2170 (5)
616 2074 661 2148 de
677 2075 820 2148 camisia
834 2078 1061 2173 abstrahere,
1075 2095 1249 2178 tanquam

278 2194 532 2297 inpraesentia
559 2195 639 2266 solis
669 2213 815 2294 potesta
842 2215 903 2290 et,
933 2201 961 2270 si
986 2201 1026 2270 in
1056 2200 1249 2282 altitudine

277 2317 453 2394 montium
481 2313 558 2415 ejus
586 2312 733 2388 fuissent
762 2318 840 2411 (6),
876 2312 1023 2386 forsitan
1058 2340 1248 2416 nunquam
1294 2331 1298 2336 '

278 2440 332 2512 sol
359 2443 411 2539 (7)
438 2436 713 2510 absconderetur
748 2433 793 2506 ab
824 2433 992 2506 11113111
1015 2434 1132 2507 medio
1151 2436 1248 2510 illius

232 2608 238 2621 -
279 2559 419 2631 minimi
448 2559 643 2657 temporis,
674 2555 834 2628 medium
861 2555 971 2626 noctis
997 2554 1040 2627 fit
1064 2556 1103 2626 in
1127 2557 1246 2634 medio

279 2678 373 2748 orbis
395 2693 502 2748 terrae
509 2709 522 2773 3
556 2694 594 2750 et
621 2678 668 2760 sic
684 2693 793 2775 puto,
812 2703 831 2748 e
854 2679 1027 2748 contrario
1042 2678 1080 2745 in
1096 2675 1241 2750 hiemali

280 2795 425 2872 solstitio
433 2849 444 2890 ,
453 2810 490 2866 et
500 2796 538 2864 in
550 2796 667 2893 paucis
677 2793 800 2865 diebus
813 2795 901 2866 circa
909 2793 1011 2889 illud,
1024 2822 1191 2870 auroram
1205 2800 1242 2870 in
1304 2876 1306 2889 Ι

280 2917 427 2992 minimo
456 2915 567 3015 spatio
589 2915 627 2985 in
653 2913 772 2987 Thule
796 2913 847 3012 (8)
881 2939 1077 3016 apparere,
1102 2920 1241 3020 qnando

281 3043 320 3114 in
343 3041 460 3115 medio
487 3039 651 3112 meridies
676 3038 719 3112 fit
738 3039 832 3112 orbis
849 3056 967 3114 terrae.
988 3042 1120 3114 Idcirco
1141 3072 1238 3118 men·
1326 3035 1338 3056 ’

282 3164 411 3236 tientes
428 3165 481 3262 (9)
500 3157 691 3255 falluntur,
713 3162 775 3264 qui
792 3163 925 3235 circum
943 3190 1025 3236 eam
1041 3182 1240 3264 concretum

280 3282 356 3356 fore
371 3262 470 3356 niare
487 3287 702 3383 scripserunt
709 3335 723 3372 ,
741 3301 778 3356 et
796 3285 858 3386 qui
874 3288 981 3378 (10)a
997 3287 1131 3360 vernali
1139 3287 1241 3388 aequi-

321 3459 367 3528 (1)
386 3445 488 3514 Thile.
510 3456 614 3517 Codd.
674 3464 721 3533 (2)
745 3457 863 3518 Estivo.
882 3457 919 3518 B.
971 3459 1028 3536 -(3)
1046 3457 1181 3519 Cloerici.
1204 3457 1239 3517 Β.

281 3558 499 3638 (arenosa.
514 3558 615 3619 coeo.
681 3537 1028 3634 (succubuissemus.
1092 3548 1239 3640 (orua-

279 3664 382 3728 set.G.
437 3644 553 3746 17)Ἒώ
564 3661 660 3722 deest.
671 3661 707 3721 B.
775 3663 1030 3747 (prytacodd.
1096 3674 1142 3750 (9)
1157 3667 1239 3727 Men·

277 3771 452 3834 cientes.B.
531 3770 600 3845 (ιο)
613 3763 715 3848 Quod.
729 3761 770 3827 G.
