2724 4610
229 307 277 380 28
324 327 327 338 ’
563 302 603 372 C.
622 298 695 372 VI.
724 312 751 382 S.
773 297 870 372 VI.-

275 473 313 520 2.
338 441 464 520 influit
479 445 518 516 in
539 445 756 516 Arethusam
771 443 889 514 lacum
900 445 1019 538 emnia
1037 445 1199 546 pondera

229 570 486 659 sustinentem,
505 564 604 663 cujus
619 565 729 664 pisces
748 591 934 666 nunquam
951 593 988 638 se
1005 559 1103 639 alvea
1128 566 1197 638 Ti-

228 692 299 791 gris
317 697 372 790 (1)
389 691 560 782 miscent3
578 688 693 782 sicut,
714 715 780 762 nec
805 689 934 762 amnioi
958 693 1011 788 (a)
1028 691 1137 790 pisces
1158 690 1201 762 in

228 828 397 914 stagnum
417 825 603 882 transeunt
630 809 823 884 Arethusae
835 859 848 902 ,
873 837 938 911 per
962 813 1072 912 'quam
1094 810 1200 884 dissi·-

227 933 305 1006 mili
321 933 435 1004 colore
455 945 553 1002 et...
572 930 708 1004 volucri
728 947 825 1006 meat
837 957 956 1002 cursu.
1029 963 1032 970 ¹

276 1058 313 1129 3.
334 1055 436 1145 Mox,
447 1052 569 1164 ll'auro
596 1054 804 1146 resistente,
826 1053 864 1125 in
882 1047 1103 1153 profundum
1116 1080 1200 1154 spe-

156 1231 158 1250 ,
227 1161 311 1250 cum
323 1177 513 1278 mergitur,
528 1202 636 1276 quem
647 1175 890 1268 subterlaberis
906 1227 918 1268 ,
934 1176 972 1246 in
991 1175 1104 1248 altero
1121 1174 1201 1274 ejus
1330 1159 1360 1268 ,¹

228 1297 340 1372 latere
353 1297 451 1398 apud
462 1297 620 1370 Zomada
641 1297 767 1368 emicat
781 1298 857 1392 (3),
876 1297 976 1370 ulvas
993 1298 1048 1393 (4)
1059 1313 1097 1369 et
1109 1323 1203 1396 pur-

230 1435 400 1519 gamenta
419 1420 574 1521 plurima
586 1446 705 1492 secum
717 1419 875 1492 trahens.
892 1409 1054 1510 Deinde,
1071 1417 1205 1488 identi-

228 1541 313 1614 dem
337 1543 392 1640 (5)
418 1543 601 1615 abscondit
622 1569 679 1638 se,
718 1569 913 1644 rursusque
943 1545 997 1639 (6)
1021 1541 1202 1614 redditur.

227 1663 437 1736 'Adiabenos
458 1667 511 1766 (7)
529 1665 740 1767 Arabasque
757 1663 970 1766 praeterlluit
990 1663 1065 1759 (8);
1079 1662 1203 1734 Meso-

230 1785 429 1882 potamiam
470 1786 698 1887 amplectitur
717 1814 729 1877 3
767 1812 910 1858 amnem
944 1782 1207 1856 nobilissimum

236 1906 398 2004 Coaspen
415 1905 552 2004 accipit.
573 1905 776 2006 Longitudo
793 1905 886 2016 illius
904 1927 1078 1982 Deccxcv
1087 1933 1101 1999 3
1120 1900 1207 1974 lati-s

235 2025 401 2098 tudinem
413 2025 490 2123 ejus
505 2049 578 2095 non
593 2025 678 2126 legi.

280 2149 318 2236 4.
345 2146 422 2240 Sed·
445 2125 581 2216 Plinius
608 2146 795 2220 Secundus
818 2148 930 2220 altero
953 2147 1096 2218 nomine
1113 2171 1208 2243 prae-

232 2267 367 2338 dictum
382 2281 548 2364 stagnum
563 2267 749 2358 nominat,
768 2267 865 2365 quod
881 2293 976 2335 nunc
995 2265 1204 2356 obliviscor,

233 2403 273 2459 et
289 2410 420 2488 aquam
434 2384 529 2458 illius
545 2385 662 2485 stagni
678 2411 838 2458 amaram
848 2410 923 2456 esse
938 2399 1064 2455 narrat
1073 2435 1085 2474 ,
1097 2399 1210 2483 atque

233 2503 393 2577 fluminis
402 2505 650 2578 dulcemtideo
657 2503 874 2606 fluviipisces
884 2504 1126 2578 evitantirein
1138 2521 1210 2575 sta-

234 2622 1212 2738 gnum‚velutistagnipiscesintrareinflumenfugiunt.·

664 2829 692 2894 §.
713 2821 776 2886 VI.

291 2998 326 3048 1.
343 2975 447 3051 Idem
469 2975 587 3050 Julius
610 2991 692 3076 post
712 2974 830 3048 multa
847 2973 1025 3046 :Maximi
1047 2975 1086 3044 in
1108 2973 1210 3046 Iudia
1285 2945 1287 2955 Ι

240 3121 362 3170 amnes
401 3101 542 3202 Ganges
588 3114 626 3170 et
658 3099 807 3198 ¹Indus,
853 3124 1009 3199 quorum
1059 3097 1207 3198 Gangen

241 3215 388 3315 quidam
419 3215 577 3292 fontibus
605 3219 749 3302 incertis
781 3219 902 3310 nasci,
933 3234 988 3290 et¹
1002 3216 1076 3288 Nili
1105 3216 1209 3288 modo

243 3361 1210 3400 ww

284 3429 461 3510 (1)Tygris.
480 3433 519 3494 B.
568 3489 572 3496 ,
606 3442 655 3507 (a)
677 3434 825 3495 Aminici.
844 3434 955 3506 codd„
993 3487 998 3494 .
1032 3433 1210 3506 (thzoma

244 3536 384 3598 deminut-
396 3527 488 3596 AB.
568 3541 768 3625 (twice-A,
790 3548 915 3600 etintra
931 3561 1036 3600 versus
1045 3538 1148 3620 algas,
1164 3562 1212 3600 re·

180 3686 183 3692 .
239 3643 451 3707 centinaria,
500 3637 559 3716 ,(5)
571 3641 822 3701 Identidem.,B.⁴
902 3633 1211 3715 (⁶)Atsconditru1·

247 3759 375 3820 susque.
413 3743 519 3808 codd.
615 3749 662 3826 (7)
680 3745 871 3808 Adebienos.
884 3747 990 3811 codd.
1078 3751 1123 3826 (8)
1144 3751 1211 3812 Pre-

248 3839 371 3904 terfluit.
382 3847 489 3909 codd.
