2724 4610
463 210 724 298 (ΣΝ.Πς.Ι.
955 212 1136 318 35

131 357 225 430 15.
235 357 353 459 Tagus
368 357 528 428 nascitur
543 358 582 428 in
593 357 723 458 campis
736 357 928 459 Hispaniae.
943 355 1080 430 Occidit

115 476 154 548 in
165 477 302 562 Oceano
315 477 534 553 occidentali
549 478 668 552 Currit
684 506 748 579 per
765 479 876 550 millia
891 502 1000 554 00011.

168 599 225 672 16.
244 598 380 670 Minius
408 599 460 694 (1)
481 597 635 669 nascitur
657 627 768 698 prope
789 598 1015 700 Pyrenaeum.
1037 601 1080 670 Iu

112 720 334 822 rotunditate
350 720 527 815 vertitur,
546 734 589 790 ut
604 719 823 819 Brigantium
842 722 893 814 (1)
910 704 1081 820 oppidum

8 895 20 936 3
113 842 336 914 maritimum
356 840 540 932 includat,
562 855 600 912 01
624 840 670 911 sic
688 841 778 912 sein
797 843 1081 920 (1001101110οεί-

114 964 297 1036 dentalem
315 963 452 1070 recipit
472 962 594 1037 Currit
617 987 682 1060 per
698 960 807 1034 millia
822 987 928 1038 cccx

167 1109 224 1184 17.
245 1084 402 1157 Hiberus
423 1080 578 1156 nascitur
592 1083 658 1154 sub
685 1083 857 1154 Asturicis
872 1083 924 1180 (3)
949 1084 1080 1167 monti·

112 1205 181 1278 bus
203 1205 364 1307 Pyrenaei
383 1212 447 1305 (4).
463 1205 606 1280 Vicinos
622 1204 813 1278 inlustrans
824 1204 998 1304 Hispanos
1010 1207 1077 1306 (5).

110 1322 273 1398 infundit
295 1355 332 1400 sc
359 1328 449 1400 mari
475 1327 577 1430 juxta
599 1325 838 1399 Tarraconem
860 1328 928 1426 (6).
961 1326 1082 1404 Currit

112 1475 180 1548 per
201 1450 311 1522 millia
329 1477 453 1526 001111.

162 1569 249 1641 Haec
262 1573 380 1641 omnia
391 1598 471 1671 quae
487 1572 531 1645 de
546 1571 737 1644 fluminum
756 1569 978 1672 longitudine
994 1519 1080 1662 dixi,

113 1718 161 1764 ex
177 1690 451 1794 cosmographia
470 1695 601 1794 accepi.

6 1877 9 1882 ,
114 1849 1085 1882 mwwmvwnmwummmmmmvmmmwwnmvmm

422 1940 629 2015 CAPUT
671 1940 776 2015 vll.

277 2086 343 2158 De
359 2086 538 2188 aliquibus
557 2091 764 2160 nominatim
782 2081 921 2160 iruulir.

567 2237 644 2309 11.
702 2258 706 2274 ⁸

51 2335 61 2360 ⁸
172 2382 206 2434 1.
226 2361 388 2434 Scribens
404 2365 448 2434 de
467 2364 654 2458 AEthiopia
670 2370 724 2462 (7)
746 2386 827 2458 quae
856 2358 903 2428 ad
926 2347 1088 2425 Africam

113 2480 296 2583 pertinet,
320 2479 364 2552 de
390 2478 512 2549 multis
539 2477 616 2575 ejus
648 2476 771 2547 insulis
797 2473 900 2574 juxta
928 2471 1089 2543 Plinium

116 2601 346 2692 Secundum,
369 2599 528 2671 breviter
559 2597 696 2667 locutus
722 2622 802 2667 aum
815 2625 827 2689 3
860 2591 922 2666 red
952 2590 1090 2664 nullam

116 2719 327 2796 nominatim
344 2720 396 2820 (8)
420 2718 569 2820 praedixi
592 2721 657 2818 (9).
676 2718 772 2805 Ideo
800 2742 928 2817 paucas
951 2741 996 2788 ex
1020 2711 1090 2783 illis
1170 2759 1176 2766 -

40 2913 46 2924 ,
117 2869 273 2946 quarum
289 2841 432 2911 nomina
447 2841 605 2938 legeram
621 2839 819 2910 nominatas
843 2836 1039 2906 ostendam.

65 2949 68 2954 ⁵
168 2989 205 3034 2·
221 2960 323 3031 Idem
335 2958 470 3030 Plinius
484 2957 668 3030 Secundus
687 2957 725 3025 in
746 2970 844 3027 sexto
862 2952 974 3041 libro,
987 2949 1092 3045 juxta

119 3079 311 3182 AEthiopas
331 3082 501 3151 Aroteras
519 3082 619 3174 (ιο),
638 3075 769 3147 insulas
781 3098 854 3145 esse
865 3070 969 3142 docet
978 3098 989 3163 3
1004 3067 1093 3139 item

119 3203 286 3277 Bacchias
305 3217 342 3274 et
357 3196 609 3271 Antibacchias
627 3210 664 3267 et
678 3192 888 3264 Stratioton.

14 3321 17 3327 .
133 3297 1092 3348 ..-......--------²-—---··-·-·-··

162 3377 210 3450 (1)
219 3373 356 3432 Mineus.
367 3368 469 3428 Codd.
537 3352 582 3437 (1)
590 3365 798 3444 Bregantium.
808 3356 911 3417 codd.
975 3353 1021 3429 (Β)
1032 3351 1095 3410 Sub

124 3477 255 3539 Assrrus
265 3473 430 3537 montibus
449 3468 554 3531 codd.
639 3471 684 3542 (4)
697 3463 873 3548 Phyrrenei.
884 3461 920 3520 Β.
988 3451 1098 3528 <5)vi·

49 3571 55 3578 ’
125 3583 211 3643 cinas
232 3579 409 3660 Hispanias.
433 3573 536 3637 codd.
621 3571 669 3648 (6)
692 3571 906 3630 Tarraconem
930 3557 971 3618 A.
985 3551 1098 3614 Terra·
1155 3617 1159 3641 ι

126 3705 246 3748 conam.
261 3683 299 3746 B.
389 3691 435 3767 (7)
448 3680 600 3762 Ethropra
616 3677 653 3761 Β.
738 3670 835 3750 (8)ὃὶ
825 3662 974 3726 rnullum
994 3657 1099 3717 numi-

130 3792 239 3858 nrum.
253 3787 294 3852 G.
380 3793 425 3873 (9)
436 3785 523 3851 Dan
536 3785 575 3848 Β.
616 3755 685 3862 (io)
702 3773 882 3855 AEtluoprar
894 3778 1035 3829 aroteras
1059 3761 1100 3823 Β.
